<?xml version="1.0" encoding="UTF-8"?><collection xmlns="http://www.loc.gov/MARC21/slim"><record><leader>00630nam--2200193-u-4500</leader><controlfield tag="001">000053241</controlfield><controlfield tag="002">20161230</controlfield><controlfield tag="005">20161230201051</controlfield><controlfield tag="008">110113s1000------------r-----000-0-rum-d</controlfield><datafield ind1=" " ind2=" " tag="040"><subfield code="a">IFIN-HH</subfield></datafield><datafield ind1=" " ind2=" " tag="041"><subfield code="a">rum</subfield></datafield><datafield ind1=" " ind2=" " tag="080"><subfield code="a">539.23(043)</subfield></datafield><datafield ind1="1" ind2=" " tag="100"><subfield code="a">Dinu, Raluca</subfield></datafield><datafield ind1="1" ind2=" " tag="245"><subfield code="a">Sintetizarea si caracterizarea de filme subtiri cu proprietati piezoelectrice si feroelectrice obtinute prin tehnica de depunere cu laseri pulsati</subfield><subfield code="b">Teza</subfield><subfield code="c">Raluca dinu</subfield></datafield><datafield ind1=" " ind2=" " tag="260"><subfield code="a">Bucuresti</subfield><subfield code="b">Ifa</subfield><subfield code="c">2000</subfield></datafield><datafield ind1=" " ind2=" " tag="300"><subfield code="a">PAG. DIF</subfield></datafield><datafield ind1=" " ind2=" " tag="502"><subfield code="a">Conducator Stiintific: Prof. Dr. Alexandru Cavaleru</subfield></datafield><datafield ind1=" " ind2=" " tag="852"><subfield code="a">81155</subfield><subfield code="c">539.23</subfield></datafield><datafield ind1=" " ind2=" " tag="CAT"><subfield code="a">Sys</subfield><subfield code="c">20110113</subfield><subfield code="h">105437</subfield></datafield></record></collection>